<record><leader>00000cas a22000007a 4500</leader><controlfield tag="001">31026542</controlfield><controlfield tag="008">940829d18971902okuwr ne      0    0eng d</controlfield><datafield ind1=" " ind2=" " tag="010"><subfield code="a">sn 94058964 </subfield></datafield><datafield ind1=" " ind2=" " tag="040"><subfield code="a">OBN</subfield><subfield code="b">eng</subfield><subfield code="c">OBN</subfield><subfield code="d">OCL</subfield><subfield code="d">OCLCQ</subfield><subfield code="d">OCLCO</subfield></datafield><datafield ind1="1" ind2=" " tag="029"><subfield code="a">AU@</subfield><subfield code="b">000011276908</subfield></datafield><datafield ind1=" " ind2=" " tag="042"><subfield code="a">msc</subfield></datafield><datafield ind1=" " ind2=" " tag="043"><subfield code="a">n-us-ok</subfield></datafield><datafield ind1="0" ind2=" " tag="130"><subfield code="a">Wakita weekly herald (Wakita, Okla. : 1897)</subfield></datafield><datafield ind1="1" ind2="4" tag="245"><subfield code="a">The Wakita weekly herald.</subfield></datafield><datafield ind1="1" ind2="7" tag="246"><subfield code="a">Herald</subfield></datafield><datafield ind1="1" ind2="7" tag="246"><subfield code="a">Wakita herald</subfield></datafield><datafield ind1=" " ind2=" " tag="260"><subfield code="a">Wakita, Grant County, Okla. :</subfield><subfield code="b">E.M. Broughton</subfield></datafield><datafield ind1=" " ind2=" " tag="300"><subfield code="a">v.</subfield></datafield><datafield ind1=" " ind2=" " tag="310"><subfield code="a">Weekly</subfield></datafield><datafield ind1="0" ind2=" " tag="362"><subfield code="a">Vol. 1, no. 1 (Aug. 28, 1897)-v. 6, no. 1 (July 24, 1902).</subfield></datafield><datafield ind1=" " ind2="0" tag="651"><subfield code="a">Wakita (Okla.)</subfield><subfield code="v">Newspapers.</subfield></datafield><datafield ind1=" " ind2="0" tag="651"><subfield code="a">Grant County (Okla.)</subfield><subfield code="v">Newspapers.</subfield></datafield><datafield ind1=" " ind2=" " tag="752"><subfield code="a">United States</subfield><subfield code="b">Oklahoma</subfield><subfield code="c">Grant</subfield><subfield code="d">Wakita.</subfield></datafield><datafield ind1="0" ind2="0" tag="785"><subfield code="t">Wakita herald</subfield><subfield code="w">(DLC)sn 86064156</subfield><subfield code="w">(OCoLC)13673984</subfield></datafield></record>